@misc{zhihu:skating1,
  author = "窦文涛",
  title = "轮滑课堂 | 全面了解轮滑鞋——通过轮滑鞋组成辨别好坏",
  year = "2019",
  url = "https://zhuanlan.zhihu.com/p/53766195"
}

@misc{zhihu:migao,
  author = "米高轮滑",
  title = "米高轮滑教学，轮滑轴承型号介绍及对比",
  year = "2019",
  url = "https://zhuanlan.zhihu.com/p/54555346"
}

@misc{ wiki:abec,
  author = "{Wikipedia contributors}",
  title = "ABEC scale --- {Wikipedia}{,} The Free Encyclopedia",
  year = "2020",
  url = "https://en.wikipedia.org/w/index.php?title=ABEC_scale&oldid=947139478",
}

@misc{ quad,
  author = "Roller Quad",
  title = "Guida: Cuscinetti per pattini quad e inline",
  year = "2014",
  url = "https://www.rollerquad.it/2014/05/03/guida-cuscinetti-627-608-per-pattini-quad-inline/",
}

@misc{ liveaboutdotcom,
  author = "liveaboutdotcom",
  title = "What Are the Differences of Rollerblade Bearings?",
  year = "2019",
  url = "https://www.liveabout.com/differences-in-types-of-bearings-1963772",
}

@misc{ wiki:skating,
 author = "维基百科",
 title = "自由式轮滑 --- 维基百科{,} 自由的百科全书",
 year = "2020",
 url = "https://zh.wikipedia.org/w/index.php?title=%E8%87%AA%E7%94%B1%E5%BC%8F%E8%BC%AA%E6%BB%91&oldid=59129385",
}
